<?xml version="1.0" encoding="UTF-8"?><collection xmlns="http://www.loc.gov/MARC21/slim"><record><leader>00355nam--2200121-i-4500</leader><controlfield tag="001">000002026</controlfield><controlfield tag="002">20161230</controlfield><controlfield tag="005">20161230201024</controlfield><controlfield tag="008">060222s1000------------r-----000-0-eng-d</controlfield><datafield ind1=" " ind2=" " tag="100"><subfield code="a">Gokun, V.B</subfield></datafield><datafield ind1=" " ind2=" " tag="245"><subfield code="a">Bazele tehnologice ale proiectarii masinilor.traducere dupa editia a doua in lb. rusa</subfield></datafield><datafield ind1=" " ind2=" " tag="260"><subfield code="a">Bucuresti, Editura Tehnica, 1959. 672 P</subfield></datafield><datafield ind1=" " ind2=" " tag="852"><subfield code="a">6043</subfield></datafield></record></collection>